@article{weightedSiteSelection,
  author = "Briney, Amanda",
  title = "Overview of Weighted Site Selection and Suitability Analysis",
  year = 2014,
  url = "https://www.gislounge.com/overview-weighted-site-selection-suitability-analysis/",
  urldate = {2018-03-27},
}

@article{retailSiteSelection,
  title = "{GIS} and Retail Site Selection",
  author = "Desai, Khalid",
  year = 2007,
  url = "http://faculty.kfupm.edu.sa/crp/bramadan/crp514/termpapers/term061/8%20-%20term061%20-%20report%20-%20khalid%20desai.pdf",
  urldate = {2018-03-27},
}

@article{wasteDisposalSiteSelection,
  title = "Waste Disposal Site Selection Using {GIS}-based Simulated Annealing",
  author = "Muttiah, R. S. and Engel, B. A. and Jones, D. D.",
  journaltitle = "Computers \& Geosciences",
  year = 1996,
  volume = 22,
  issue = 9,
  pages = {1013--1017},
  doi = "10.1016/S0098-3004(96)00039-8",
  url = "https://ac.els-cdn.com/S0098300496000398/1-s2.0-S0098300496000398-main.pdf?_tid=c21c9153-78f3-489c-8679-505113b3b7a3&acdnat=1522165051_5f8990acf77e379e1bd997f945e1d34d",
  urldate = {2018-03-27},
}

@article{shoppingMallSelection,
  title = "A {GIS} approach to shopping mall selection",
  author = "Cheng, Eddie W. L. and Li, Heng and Yu, Ling",
  journaltitle = "Building and Environment",
  year = 2007,
  volume = 42,
  issue = 2,
  pages = {884--892},
  doi = "10.1016/j.buildenv.2005.10.010",
  url = "https://www.sciencedirect.com/science/article/pii/S0360132305004385",
  urldate = {2018-03-27},
}

@article{realEstateSelection,
  title = "A {GIS}-based site selection system for real estate projects",
  author = "Cheng, Eddie W. L. and Li, Heng and Yu, Ling",
  year = 2005,
  journaltitle = "Construction Innovation",
  year = 2005,
  volume = 5,
  issue = 4,
  pages = {231--241},
  doi = "10.1191/1471417505ci101oa",
  url = "http://www.ingentaconnect.com/content/mcb/ci/2005/00000005/00000004/art00004?token=005d13b6d0f3f4e4b3b49264f655d375c6b6876335045416762496e58654624314442382074213b786a447bed3937",
  urldate = {2018-03-27},
}

@article{urbanTransportationSelection,
  title = "A GIS-based decision support system for planning urban transportation policies",
  author = "Arampatzis, G. and Kiranoudis, C. T. and Scaloubacas, P. and Assimacopoulos, D.",
  journaltitle = "European Journal of Operational Research",
  year = 2004,
  volume = 152,
  issue = 2,
  pages = {465--475},
  doi = "10.1016/S0377-2217(03)00037-7",
  url = "https://ac.els-cdn.com/S0377221703000377/1-s2.0-S0377221703000377-main.pdf?_tid=bc4c1626-5eab-4a18-bae9-82e314acc25b&acdnat=1522167945_272f32a4696e3c0010bc1e7552de0156",
  urldate = {2018-03-27},
}

@article{retailSiteLocation,
  title = "The retail site location decision process using {GIS} and the analytical hierarchy process",
  author = "Roig-Tierno, Norat and Baviera-Piug, Amparo and Buitrago-Vera, Juan and Mas-Verdu, Francisco",
  journaltitle = "Applied Geography",
  year = 2013,
  volume = 40,
  pages = {191--198},
  doi = "10.1016/j.apgeog.2013.03.005",
  url = "https://www.sciencedirect.com/science/article/pii/S0143622813000714",
  urldate = {2018-03-27},
}

@manual{manualRasterIntro,
  title = "{GRASS} {GIS} manual: Raster data processing in {GRASS} {GIS}",
  organization = "GRASS Development Team",
  url = "https://grass.osgeo.org/grass74/manuals/rasterintro.html",
  urldate = {2018-03-27},
}

@manual{manualVectorIntro,
  title = "{GRASS} {GIS} manual: Vector data processing in {GRASS} {GIS}",
  organization = "GRASS Development Team",
  url = "https://grass.osgeo.org/grass74/manuals/rasterintro.html",
  urldate = {2018-03-27},
}


@manual{manualBuffer,
  title = "{GRASS} {GIS} manual: r.buffer",
  author = "Shaprio, Michael and Westervelt, James",
  year = 2016,
  organization = "GRASS Development Team",
  url = "https://grass.osgeo.org/grass74/manuals/r.buffer.html",
  urldate = {2018-03-27},
}

@manual{manualReclass,
  title = "{GRASS} {GIS} manual: r.reclass",
  author = "Shaprio, Michael and Westervelt, James",
  year = 2017,
  organization = "GRASS Development Team",
  url = "https://grass.osgeo.org/grass74/manuals/r.buffer.html",
  urldate = {2018-03-27},
}

@manual{manualMapcalc,
  title = "{GRASS} {GIS} manual: r.mapcalc",
  author = "Shaprio, Michael and Clements, Glynn",
  year = 2017,
  organization = "GRASS Development Team",
  url = "https://grass.osgeo.org/grass74/manuals/r.buffer.html",
  urldate = {2018-03-27},
}
